%Miscelânea
@Misc{eia2018,
	Title                    = {Annual Energy Outlook 2018},
	
	Author                   = {Energy Information Administration - EIA},
	Year                     = {2018},
	
	Timestamp                = {2018.03.01},
	Url                      = {https://www.eia.gov/outlooks/archive/ieo17/},
	Urlaccessdate            = {11 de outubro de 2018}
}
@MISC{vallverdu2014,
	author = {David Vallverd{\'{u}}},
	title = {Study on vertical-axis wind turbines using streamtube and dynamic stall models},
	year = {2014},
	Timestamp                = {2014.06}	
}
%Master
@MastersThesis{SHINOMIYA2015d,
	Title                    = "Projeto de rotores hidrocinéticos de eixo horizontal considerando o efeito da cavitação",
	Author                   = "Léo Daiki Shinomiya",
	School                   = "Universidade Federal do Pará. Programa de Pós-Graduação em Engenharia Mecânica",
	Year                     = "2015",
	Address                  = "Belém, PA, Brasil",
	Type                     = "Mestrado em Engenharia Mecânica",
	Pagename                 = "f.",
	Pages                    = "96",
	Timestamp                = "2015.01.16",
	url = "http://www.ppgem.ufpa.br/index.php?option=com_content&view=article&id=76%3Asessao201&catid=5%3Adefesas&Itemid=13",
	Year-presented           = "2015"
}

%Article
@article{AMARANTEMESQUITA20141261,
	title = "A methodology for the transient behavior of horizontal axis hydrokinetic turbines",
	journal = "Energy Conversion and Management",
	volume = "87",
	pages = "1261 - 1268",
	year = "2014",
	issn = "0196-8904",
	doi = "https://doi.org/10.1016/j.enconman.2014.06.018",
	url = "http://www.sciencedirect.com/science/article/pii/S0196890414005433",
	author = "André Luiz Amarante Mesquita and Alexandre Luiz Amarante Mesquita and Felipe Coutinho Palheta and Jerson Rogério Pinheiro Vaz and Marcus Vinicius Girão de Morais and Carmo Gonçalves",
	keywords = "Hydrokinetic turbine, Blade Element Method, Dynamic modeling"
}
@article{Brahimi1995,
  doi = {10.1155/s1023621x95000169},
  url = {https://doi.org/10.1155/s1023621x95000169},
  year  = {1995},
  publisher = {Hindawi Limited},
  volume = {2},
  number = {1},
  pages = {15--21},
  author = {M. T. Brahimi and A. Allet and I. Paraschivoiu},
  title = {Aerodynamic Analysis Models for Vertical-Axis Wind Turbines},
  journal = {International Journal of Rotating Machinery}
}
@article{Dai2011,
  doi = {10.1177/1475090211400684},
  url = {https://doi.org/10.1177/1475090211400684},
  year  = {2011},
  month = {jun},
  publisher = {{SAGE} Publications},
  volume = {225},
  number = {3},
  pages = {295--307},
  author = {Y M Dai and N Gardiner and R Sutton and P K Dyson},
  title = {Hydrodynamic analysis models for the design of Darrieus-type vertical-axis marine current turbines},
  journal = {Proceedings of the Institution of Mechanical Engineers,  Part M: Journal of Engineering for the Maritime Environment}
}
@article{ISLAM20081087,
title = "Aerodynamic models for Darrieus-type straight-bladed vertical axis wind turbines",
journal = "Renewable and Sustainable Energy Reviews",
volume = "12",
number = "4",
pages = "1087 - 1109",
year = "2008",
issn = "1364-0321",
doi = "https://doi.org/10.1016/j.rser.2006.10.023",
url = "http://www.sciencedirect.com/science/article/pii/S136403210600164X",
author = "Mazharul Islam and David S.-K. Ting and Amir Fartaj",
keywords = "Renewable energy, Vertical axis wind turbine, VAWT, Wind, Straight-bladed, Darrieus"
}

@inproceedings{paraschivoiu2002prediction,
  title={Prediction capabilities in vertical-axis wind turbine aerodynamics},
  author={Paraschivoiu, I and Saeed, F and Desobry, V},
  booktitle={The World Wind Energy Conference and Exhibition, Berlin, Germany},
  pages={2--6},
  year={2002}
}

@article{pinto2018,
    author = {Pinto, Gustavo and Steinmacher, Igor and Luiz, Felipe and Gerosa, Marco Aurelio},
    year = {2018},
    month = {oct},
    pages = {},
    title = {On the Challenges of Open-Sourcing Proprietary Software Projects},
    journal = {Empirical Software Engineering},
    doi = {10.1007/s10664-018-9609-6}
}

@inproceedings{Almeida:2017:SDU:3101414.3101416,
    author = {Almeida, Daniel A. and Murphy, Gail C. and Wilson, Greg and Hoye, Mike},
    title = {Do Software Developers Understand Open Source Licenses?},
    booktitle = {Proceedings of the 25th International Conference on Program Comprehension},
    series = {ICPC '17},
    year = {2017},
    isbn = {978-1-5386-0535-6},
    location = {Buenos Aires, Argentina},
    pages = {1--11},
    numpages = {11},
    url = {https://doi.org/10.1109/ICPC.2017.7},
    doi = {10.1109/ICPC.2017.7},
    acmid = {3101416},
    publisher = {IEEE Press},
    address = {Piscataway, NJ, USA},
    keywords = {open source, software licenses, survey},
} 

@inproceedings{Bodden:2018:SSA:3183399.3183401,
    author = {Bodden, Eric},
    title = {Self-adaptive Static Analysis},
    booktitle = {Proceedings of the 40th International Conference on Software Engineering: New Ideas and Emerging Results},
    series = {ICSE-NIER '18},
    year = {2018},
    isbn = {978-1-4503-5662-6},
    location = {Gothenburg, Sweden},
    pages = {45--48},
    numpages = {4},
    url = {http://doi.acm.org/10.1145/3183399.3183401},
    doi = {10.1145/3183399.3183401},
    acmid = {3183401},
    publisher = {ACM},
    address = {New York, NY, USA},
} 

@inproceedings{Cartaxo:2016:EBT:2961111.2962603,
    author = {Cartaxo, Bruno and Pinto, Gustavo and Vieira, Elton and Soares, S{\'e}rgio},
    title = {Evidence Briefings: Towards a Medium to Transfer Knowledge from Systematic Reviews to Practitioners},
    booktitle = {Proceedings of the 10th ACM/IEEE International Symposium on Empirical Software Engineering and Measurement},
    series = {ESEM '16},
    year = {2016},
    isbn = {978-1-4503-4427-2},
    location = {Ciudad Real, Spain},
    pages = {57:1--57:10},
    articleno = {57},
    numpages = {10},
    url = {http://doi.acm.org/10.1145/2961111.2962603},
    doi = {10.1145/2961111.2962603},
    acmid = {2962603},
    publisher = {ACM},
    address = {New York, NY, USA},
    keywords = {Evidence Briefings, Evidence-Based Software Engineering, Software Engineering, Systematic Reviews},
} 

@inproceedings{Vendome:2018:DDW:3180155.3180221,
 author = {Vendome, Christopher and German, Daniel M. and Di Penta, Massimiliano and Bavota, Gabriele and Linares-V\'{a}squez, Mario and Poshyvanyk, Denys},
 title = {To Distribute or Not to Distribute?: Why Licensing Bugs Matter},
 booktitle = {Proceedings of the 40th International Conference on Software Engineering},
 series = {ICSE '18},
 year = {2018},
 isbn = {978-1-4503-5638-1},
 location = {Gothenburg, Sweden},
 pages = {268--279},
 numpages = {12},
 url = {http://doi.acm.org/10.1145/3180155.3180221},
 doi = {10.1145/3180155.3180221},
 acmid = {3180221},
 publisher = {ACM},
 address = {New York, NY, USA},
 keywords = {empirical studies, open source practices, software licenses},
} 

@inproceedings{Meloca:2018:UUI:3196398.3196427,
 author = {Meloca, R\^{o}mulo and Pinto, Gustavo and Baiser, Leonardo and Mattos, Marco and Polato, Ivanilton and Wiese, Igor Scaliante and German, Daniel M},
 title = {Understanding the Usage, Impact, and Adoption of non-OSI Approved Licenses},
 booktitle = {Proceedings of the 15th International Conference on Mining Software Repositories},
 series = {MSR '18},
 year = {2018},
 isbn = {978-1-4503-5716-6},
 location = {Gothenburg, Sweden},
 pages = {270--280},
 numpages = {11},
 url = {http://doi.acm.org/10.1145/3196398.3196427},
 doi = {10.1145/3196398.3196427},
 acmid = {3196427},
 publisher = {ACM},
 address = {New York, NY, USA},
 keywords = {OSI approved, open source software, software license},
} 

@article{Vendome:2017:LUC:3106879.3106907,
 author = {Vendome, Christopher and Bavota, Gabriele and Penta, Massimiliano Di and Linares-V\'{a}squez, Mario and German, Daniel and Poshyvanyk, Denys},
 title = {License Usage and Changes: A Large-scale Study on gitHub},
 journal = {Empirical Softw. Engg.},
 issue_date = {June      2017},
 volume = {22},
 number = {3},
 month = jun,
 year = {2017},
 issn = {1382-3256},
 pages = {1537--1577},
 numpages = {41},
 url = {https://doi.org/10.1007/s10664-016-9438-4},
 doi = {10.1007/s10664-016-9438-4},
 acmid = {3106907},
 publisher = {Kluwer Academic Publishers},
 address = {Hingham, MA, USA},
 keywords = {Empirical studies, Mining software repositories, Software licenses},
} 

@inproceedings{BSDeMIT,
author = {Maryka, Trevor and German, Daniel and Poo-Caamaño, Germán},
year = {2015},
month = {05},
pages = {146-156},
title = {On the variability of the BSD and MIT licenses},
volume = {451},
journal = {IFIP Advances in Information and Communication Technology},
doi = {10.1007/978-3-319-17837-0_14}
}

@INPROCEEDINGS{7816479,
author={H. {Borges} and A. {Hora} and M. T. {Valente}},
booktitle={2016 IEEE International Conference on Software Maintenance and Evolution (ICSME)},
title={Understanding the Factors That Impact the Popularity of GitHub Repositories},
year={2016},
volume={},
number={},
pages={334-344},
keywords={public domain software;software reviews;source code (software);time series;GitHub Repositories;open source developers;software acceptance;software system popularity;open source software;stargazers button;GitHub projects;programming language;project popularity;time series;software market;Software;Libraries;Organizations;Documentation;HTML;Java;GitHub;Software Popularity;Open Source software;Social coding},
doi={10.1109/ICSME.2016.31},
ISSN={null},
month={Oct},
}

@INPROCEEDINGS{8595210,
author={R. {Meloca} and G. {Pinto} and L. {Baiser} and M. {Mattos} and I. {Polato} and I. {Wiese} and D. M. {German}},
booktitle={2018 IEEE/ACM 15th International Conference on Mining Software Repositories (MSR)},
title={Understanding the Usage, Impact, and Adoption of Non-OSI Approved Licenses},
year={2018},
volume={},
number={},
pages={270-280},
keywords={data mining;law;public domain software;software packages;nonOSI approved licenses;software license;nonapproved open-source licenses;Open Source Initiative;mix-method study;data mining;Licenses;Open source software;Open systems;Data mining;Metadata;Software packages;Open Source Software;Software License;OSI approved},
doi={},
ISSN={2574-3848},
month={May},
}

@INPROCEEDINGS{8816735,
author={U. {Ferreira Campos} and G. {Smethurst} and J. P. {Moraes} and R. {Bonifácio} and G. {Pinto}},
booktitle={2019 IEEE/ACM 16th International Conference on Mining Software Repositories (MSR)},
title={Mining Rule Violations in JavaScript Code Snippets},
year={2019},
volume={},
number={},
pages={195-199},
keywords={data mining;Java;program debugging;program diagnostics;programming languages;public domain software;software engineering;source code (software);statistical analysis;StackOverflow;single JavaScript code snippet;single code snippet;JavaScript linter;ESLinter;statistical analysis;programming language;code snippet programming;rule violation mining;Rule Violations;Javascript code snippets;Es-linter},
doi={10.1109/MSR.2019.00039},
ISSN={2574-3848},
month={May},
}

%Books
@book{harris2006essential,
  title={Essential Concepts of Bearing Technology},
  author={Harris, T.A. and Kotzalas, M.N.},
  isbn={9781420006599},
  series={Rolling Bearing Analysis, Fifth Edtion},
  year={2006},
  publisher={CRC Press}
}
@book{paraschivoiu2002wind,
  title={Wind turbine design: with emphasis on Darrieus concept},
  author={Paraschivoiu, Ion},
  year={2002},
  publisher={Presses inter Polytechnique}
}

@MANUAL {SKF2003,
    title  = "General Catalogue 5000 E",
    author = "SKF",
    month  = "jun",
    year   = "2003"
}


@book{KarlFogel,
    title       ={Producing Open Source Software: How to Run a Successful Free Software Project},
    author      ={Fogel, Karl},
    month       = {jun},
    year        ={2017},
    publisher   ={O’Reilly Media},
}

%SITES WEB
@misc{GNUFS,
    title   ={What is free software?},
    url     ={https://www.gnu.org/philosophy/free-sw.en.html},
    organization={GNU},
    urlaccessdate={27 de novembro 2019},
    day = "30",
    month  = "jul",
    year   = "2019"
}

@misc{OSIdefinition,
    title           ={The Open Source Definition (Annotated)},
    url             ={https://opensource.org/docs/osd},
    organization    ={Open Source Initiative},
    urlaccessdate   ={27 de novembro 2019},
    day             = "27",
    month           = "nov",
    year            = "2019"
}


@misc{JSpopular,
    title           ={How Popular is JavaScript in 2019?},
    url             ={https://medium.com/javascript-scene/how-popular-is-javascript-in-2019-823712f7c4b1},
    organization    ={Medium},
    urlaccessdate   ={27 de novembro 2019},
    day             = "27",
    month           = "nov",
    year            = "2019"
}

@misc{JSInGithub,
    title           ={The State of the Octoverse},
    url             ={https://octoverse.github.com/#top-languages},
    organization    ={Github},
    urlaccessdate   ={27 de novembro 2019},
    day             = "27",
    month           = "nov",
    year            = "2019"
}

@misc{JSIoT,
    title           ={JavaScript – A linguagem perfeita para a Internet das Coisas (IoT)},
    url             ={https://imasters.com.br/desenvolvimento/javascript-a-linguagem-perfeita-para-a-internet-das-coisas-iot},
    organization    ={iMasters},
    urlaccessdate   ={27 de novembro 2019},
    day             = "18",
    month           = "nov",
    year            = "2016"
}

@misc{JSMobileApps,
    title           ={Choosing the best programming language for mobile app development},
    url             ={https://developer.ibm.com/articles/choosing-the-best-programming-language-for-mobile-app-development/},
    organization    ={IBM},
    urlaccessdate   ={27 de novembro 2019},
    day             = "2",
    month           = "jul",
    year            = "2019"
}

